%YAML 1.1
%TAG !u! tag:unity3d.com,2011:
--- !u!29 &1
OcclusionCullingSettings:
  m_ObjectHideFlags: 0
  serializedVersion: 2
  m_OcclusionBakeSettings:
    smallestOccluder: 5
    smallestHole: 0.25
    backfaceThreshold: 100
  m_SceneGUID: 00000000000000000000000000000000
  m_OcclusionCullingData: {fileID: 0}
--- !u!104 &2
RenderSettings:
  m_ObjectHideFlags: 0
  serializedVersion: 9
  m_Fog: 0
  m_FogColor: {r: 0.5, g: 0.5, b: 0.5, a: 1}
  m_FogMode: 3
  m_FogDensity: 0.01
  m_LinearFogStart: 0
  m_LinearFogEnd: 300
  m_AmbientSkyColor: {r: 0.212, g: 0.227, b: 0.259, a: 1}
  m_AmbientEquatorColor: {r: 0.114, g: 0.125, b: 0.133, a: 1}
  m_AmbientGroundColor: {r: 0.047, g: 0.043, b: 0.035, a: 1}
  m_AmbientIntensity: 1
  m_AmbientMode: 0
  m_SubtractiveShadowColor: {r: 0.42, g: 0.478, b: 0.627, a: 1}
  m_SkyboxMaterial: {fileID: 10304, guid: 0000000000000000f000000000000000, type: 0}
  m_HaloStrength: 0.5
  m_FlareStrength: 1
  m_FlareFadeSpeed: 3
  m_HaloTexture: {fileID: 0}
  m_SpotCookie: {fileID: 10001, guid: 0000000000000000e000000000000000, type: 0}
  m_DefaultReflectionMode: 0
  m_DefaultReflectionResolution: 128
  m_ReflectionBounces: 1
  m_ReflectionIntensity: 1
  m_CustomReflection: {fileID: 0}
  m_Sun: {fileID: 0}
  m_IndirectSpecularColor: {r: 0, g: 0, b: 0, a: 1}
  m_UseRadianceAmbientProbe: 0
--- !u!157 &3
LightmapSettings:
  m_ObjectHideFlags: 0
  serializedVersion: 12
  m_GIWorkflowMode: 1
  m_GISettings:
    serializedVersion: 2
    m_BounceScale: 1
    m_IndirectOutputScale: 1
    m_AlbedoBoost: 1
    m_EnvironmentLightingMode: 0
    m_EnableBakedLightmaps: 1
    m_EnableRealtimeLightmaps: 0
  m_LightmapEditorSettings:
    serializedVersion: 12
    m_Resolution: 2
    m_BakeResolution: 40
    m_AtlasSize: 1024
    m_AO: 0
    m_AOMaxDistance: 1
    m_CompAOExponent: 1
    m_CompAOExponentDirect: 0
    m_ExtractAmbientOcclusion: 0
    m_Padding: 2
    m_LightmapParameters: {fileID: 0}
    m_LightmapsBakeMode: 1
    m_TextureCompression: 1
    m_FinalGather: 0
    m_FinalGatherFiltering: 1
    m_FinalGatherRayCount: 256
    m_ReflectionCompression: 2
    m_MixedBakeMode: 2
    m_BakeBackend: 1
    m_PVRSampling: 1
    m_PVRDirectSampleCount: 32
    m_PVRSampleCount: 512
    m_PVRBounces: 2
    m_PVREnvironmentSampleCount: 256
    m_PVREnvironmentReferencePointCount: 2048
    m_PVRFilteringMode: 1
    m_PVRDenoiserTypeDirect: 1
    m_PVRDenoiserTypeIndirect: 1
    m_PVRDenoiserTypeAO: 1
    m_PVRFilterTypeDirect: 0
    m_PVRFilterTypeIndirect: 0
    m_PVRFilterTypeAO: 0
    m_PVREnvironmentMIS: 1
    m_PVRCulling: 1
    m_PVRFilteringGaussRadiusDirect: 1
    m_PVRFilteringGaussRadiusIndirect: 5
    m_PVRFilteringGaussRadiusAO: 2
    m_PVRFilteringAtrousPositionSigmaDirect: 0.5
    m_PVRFilteringAtrousPositionSigmaIndirect: 2
    m_PVRFilteringAtrousPositionSigmaAO: 1
    m_ExportTrainingData: 0
    m_TrainingDataDestination: TrainingData
    m_LightProbeSampleCountMultiplier: 4
  m_LightingDataAsset: {fileID: 0}
  m_LightingSettings: {fileID: 0}
--- !u!196 &4
NavMeshSettings:
  serializedVersion: 2
  m_ObjectHideFlags: 0
  m_BuildSettings:
    serializedVersion: 2
    agentTypeID: 0
    agentRadius: 0.5
    agentHeight: 2
    agentSlope: 45
    agentClimb: 0.4
    ledgeDropHeight: 0
    maxJumpAcrossDistance: 0
    minRegionArea: 2
    manualCellSize: 0
    cellSize: 0.16666667
    manualTileSize: 0
    tileSize: 256
    accuratePlacement: 0
    maxJobWorkers: 0
    preserveTilesOutsideBounds: 0
    debug:
      m_Flags: 0
  m_NavMeshData: {fileID: 0}
--- !u!1001 &6479015
PrefabInstance:
  m_ObjectHideFlags: 0
  serializedVersion: 2
  m_Modification:
    m_TransformParent: {fileID: 0}
    m_Modifications:
    - target: {fileID: 789461931611410027, guid: d4de8b2f7351cd547a007cca5818cf5a, type: 3}
      propertyPath: m_Name
      value: Statue
      objectReference: {fileID: 0}
    - target: {fileID: 1992386315412251802, guid: d4de8b2f7351cd547a007cca5818cf5a, type: 3}
      propertyPath: m_LocalPosition.x
      value: -2.44
      objectReference: {fileID: 0}
    - target: {fileID: 1992386315412251802, guid: d4de8b2f7351cd547a007cca5818cf5a, type: 3}
      propertyPath: m_LocalPosition.y
      value: 0.5969999
      objectReference: {fileID: 0}
    - target: {fileID: 1992386315412251802, guid: d4de8b2f7351cd547a007cca5818cf5a, type: 3}
      propertyPath: m_LocalPosition.z
      value: 2.3593333
      objectReference: {fileID: 0}
    - target: {fileID: 1992386315412251802, guid: d4de8b2f7351cd547a007cca5818cf5a, type: 3}
      propertyPath: m_LocalRotation.x
      value: 0
      objectReference: {fileID: 0}
    - target: {fileID: 1992386315412251802, guid: d4de8b2f7351cd547a007cca5818cf5a, type: 3}
      propertyPath: m_LocalRotation.y
      value: -0
      objectReference: {fileID: 0}
    - target: {fileID: 1992386315412251802, guid: d4de8b2f7351cd547a007cca5818cf5a, type: 3}
      propertyPath: m_LocalRotation.z
      value: -0
      objectReference: {fileID: 0}
    - target: {fileID: 1992386315412251802, guid: d4de8b2f7351cd547a007cca5818cf5a, type: 3}
      propertyPath: m_LocalRotation.w
      value: 1
      objectReference: {fileID: 0}
    - target: {fileID: 1992386315412251802, guid: d4de8b2f7351cd547a007cca5818cf5a, type: 3}
      propertyPath: m_RootOrder
      value: 8
      objectReference: {fileID: 0}
    - target: {fileID: 1992386315412251802, guid: d4de8b2f7351cd547a007cca5818cf5a, type: 3}
      propertyPath: m_LocalEulerAnglesHint.x
      value: 0
      objectReference: {fileID: 0}
    - target: {fileID: 1992386315412251802, guid: d4de8b2f7351cd547a007cca5818cf5a, type: 3}
      propertyPath: m_LocalEulerAnglesHint.y
      value: 0
      objectReference: {fileID: 0}
    - target: {fileID: 1992386315412251802, guid: d4de8b2f7351cd547a007cca5818cf5a, type: 3}
      propertyPath: m_LocalEulerAnglesHint.z
      value: 0
      objectReference: {fileID: 0}
    m_RemovedComponents: []
  m_SourcePrefab: {fileID: 100100000, guid: d4de8b2f7351cd547a007cca5818cf5a, type: 3}
--- !u!1001 &189031031
PrefabInstance:
  m_ObjectHideFlags: 0
  serializedVersion: 2
  m_Modification:
    m_TransformParent: {fileID: 0}
    m_Modifications:
    - target: {fileID: 174297695124102306, guid: fd97b377b5c633f4bb39005157a54073, type: 3}
      propertyPath: m_Intensity
      value: 0
      objectReference: {fileID: 0}
    - target: {fileID: 174297695124102309, guid: fd97b377b5c633f4bb39005157a54073, type: 3}
      propertyPath: m_IsActive
      value: 1
      objectReference: {fileID: 0}
    - target: {fileID: 174297695124102335, guid: fd97b377b5c633f4bb39005157a54073, type: 3}
      propertyPath: sound
      value: 
      objectReference: {fileID: 194178725}
    - target: {fileID: 174297695307227616, guid: fd97b377b5c633f4bb39005157a54073, type: 3}
      propertyPath: m_Name
      value: Panelka
      objectReference: {fileID: 0}
    - target: {fileID: 174297695307227616, guid: fd97b377b5c633f4bb39005157a54073, type: 3}
      propertyPath: m_IsActive
      value: 0
      objectReference: {fileID: 0}
    - target: {fileID: 174297695307227647, guid: fd97b377b5c633f4bb39005157a54073, type: 3}
      propertyPath: m_LocalPosition.x
      value: 2.272
      objectReference: {fileID: 0}
    - target: {fileID: 174297695307227647, guid: fd97b377b5c633f4bb39005157a54073, type: 3}
      propertyPath: m_LocalPosition.y
      value: 0.5799999
      objectReference: {fileID: 0}
    - target: {fileID: 174297695307227647, guid: fd97b377b5c633f4bb39005157a54073, type: 3}
      propertyPath: m_LocalPosition.z
      value: 2.4683332
      objectReference: {fileID: 0}
    - target: {fileID: 174297695307227647, guid: fd97b377b5c633f4bb39005157a54073, type: 3}
      propertyPath: m_LocalRotation.x
      value: 0
      objectReference: {fileID: 0}
    - target: {fileID: 174297695307227647, guid: fd97b377b5c633f4bb39005157a54073, type: 3}
      propertyPath: m_LocalRotation.y
      value: 0
      objectReference: {fileID: 0}
    - target: {fileID: 174297695307227647, guid: fd97b377b5c633f4bb39005157a54073, type: 3}
      propertyPath: m_LocalRotation.z
      value: 0
      objectReference: {fileID: 0}
    - target: {fileID: 174297695307227647, guid: fd97b377b5c633f4bb39005157a54073, type: 3}
      propertyPath: m_LocalRotation.w
      value: 1
      objectReference: {fileID: 0}
    - target: {fileID: 174297695307227647, guid: fd97b377b5c633f4bb39005157a54073, type: 3}
      propertyPath: m_RootOrder
      value: 7
      objectReference: {fileID: 0}
    - target: {fileID: 174297695307227647, guid: fd97b377b5c633f4bb39005157a54073, type: 3}
      propertyPath: m_LocalEulerAnglesHint.x
      value: 0
      objectReference: {fileID: 0}
    - target: {fileID: 174297695307227647, guid: fd97b377b5c633f4bb39005157a54073, type: 3}
      propertyPath: m_LocalEulerAnglesHint.y
      value: 0
      objectReference: {fileID: 0}
    - target: {fileID: 174297695307227647, guid: fd97b377b5c633f4bb39005157a54073, type: 3}
      propertyPath: m_LocalEulerAnglesHint.z
      value: 0
      objectReference: {fileID: 0}
    m_RemovedComponents: []
  m_SourcePrefab: {fileID: 100100000, guid: fd97b377b5c633f4bb39005157a54073, type: 3}
--- !u!82 &194178725 stripped
AudioSource:
  m_CorrespondingSourceObject: {fileID: 3546971224016926280, guid: 99c7c3bd72752e54881d80fe921aa5d1, type: 3}
  m_PrefabInstance: {fileID: 1635186087}
  m_PrefabAsset: {fileID: 0}
--- !u!1001 &211614216
PrefabInstance:
  m_ObjectHideFlags: 0
  serializedVersion: 2
  m_Modification:
    m_TransformParent: {fileID: 0}
    m_Modifications:
    - target: {fileID: 5469080683116247395, guid: d7208c1bd053fd34d93846e1ea0eda3a, type: 3}
      propertyPath: m_Name
      value: DoorSound
      objectReference: {fileID: 0}
    - target: {fileID: 8269519540222338968, guid: d7208c1bd053fd34d93846e1ea0eda3a, type: 3}
      propertyPath: m_LocalPosition.x
      value: -5.8132067
      objectReference: {fileID: 0}
    - target: {fileID: 8269519540222338968, guid: d7208c1bd053fd34d93846e1ea0eda3a, type: 3}
      propertyPath: m_LocalPosition.y
      value: -2.4884408
      objectReference: {fileID: 0}
    - target: {fileID: 8269519540222338968, guid: d7208c1bd053fd34d93846e1ea0eda3a, type: 3}
      propertyPath: m_LocalPosition.z
      value: 4.0555587
      objectReference: {fileID: 0}
    - target: {fileID: 8269519540222338968, guid: d7208c1bd053fd34d93846e1ea0eda3a, type: 3}
      propertyPath: m_LocalRotation.x
      value: -0
      objectReference: {fileID: 0}
    - target: {fileID: 8269519540222338968, guid: d7208c1bd053fd34d93846e1ea0eda3a, type: 3}
      propertyPath: m_LocalRotation.y
      value: 0
      objectReference: {fileID: 0}
    - target: {fileID: 8269519540222338968, guid: d7208c1bd053fd34d93846e1ea0eda3a, type: 3}
      propertyPath: m_LocalRotation.z
      value: -0
      objectReference: {fileID: 0}
    - target: {fileID: 8269519540222338968, guid: d7208c1bd053fd34d93846e1ea0eda3a, type: 3}
      propertyPath: m_LocalRotation.w
      value: 1
      objectReference: {fileID: 0}
    - target: {fileID: 8269519540222338968, guid: d7208c1bd053fd34d93846e1ea0eda3a, type: 3}
      propertyPath: m_RootOrder
      value: 12
      objectReference: {fileID: 0}
    - target: {fileID: 8269519540222338968, guid: d7208c1bd053fd34d93846e1ea0eda3a, type: 3}
      propertyPath: m_LocalEulerAnglesHint.x
      value: 0
      objectReference: {fileID: 0}
    - target: {fileID: 8269519540222338968, guid: d7208c1bd053fd34d93846e1ea0eda3a, type: 3}
      propertyPath: m_LocalEulerAnglesHint.y
      value: 0
      objectReference: {fileID: 0}
    - target: {fileID: 8269519540222338968, guid: d7208c1bd053fd34d93846e1ea0eda3a, type: 3}
      propertyPath: m_LocalEulerAnglesHint.z
      value: 0
      objectReference: {fileID: 0}
    m_RemovedComponents: []
  m_SourcePrefab: {fileID: 100100000, guid: d7208c1bd053fd34d93846e1ea0eda3a, type: 3}
--- !u!1001 &247186936
PrefabInstance:
  m_ObjectHideFlags: 0
  serializedVersion: 2
  m_Modification:
    m_TransformParent: {fileID: 0}
    m_Modifications:
    - target: {fileID: 37475097401653960, guid: 1165e1587add1a64388e1d151c2a9ad1, type: 3}
      propertyPath: m_LocalPosition.x
      value: 3.08
      objectReference: {fileID: 0}
    - target: {fileID: 37475097401653960, guid: 1165e1587add1a64388e1d151c2a9ad1, type: 3}
      propertyPath: m_LocalPosition.y
      value: 2.127
      objectReference: {fileID: 0}
    - target: {fileID: 37475097401653960, guid: 1165e1587add1a64388e1d151c2a9ad1, type: 3}
      propertyPath: m_LocalPosition.z
      value: -0.06066656
      objectReference: {fileID: 0}
    - target: {fileID: 37475097401653960, guid: 1165e1587add1a64388e1d151c2a9ad1, type: 3}
      propertyPath: m_LocalRotation.x
      value: 0
      objectReference: {fileID: 0}
    - target: {fileID: 37475097401653960, guid: 1165e1587add1a64388e1d151c2a9ad1, type: 3}
      propertyPath: m_LocalRotation.y
      value: 0.7071068
      objectReference: {fileID: 0}
    - target: {fileID: 37475097401653960, guid: 1165e1587add1a64388e1d151c2a9ad1, type: 3}
      propertyPath: m_LocalRotation.z
      value: 0
      objectReference: {fileID: 0}
    - target: {fileID: 37475097401653960, guid: 1165e1587add1a64388e1d151c2a9ad1, type: 3}
      propertyPath: m_LocalRotation.w
      value: 0.7071068
      objectReference: {fileID: 0}
    - target: {fileID: 37475097401653960, guid: 1165e1587add1a64388e1d151c2a9ad1, type: 3}
      propertyPath: m_RootOrder
      value: 4
      objectReference: {fileID: 0}
    - target: {fileID: 37475097401653960, guid: 1165e1587add1a64388e1d151c2a9ad1, type: 3}
      propertyPath: m_LocalEulerAnglesHint.x
      value: 0
      objectReference: {fileID: 0}
    - target: {fileID: 37475097401653960, guid: 1165e1587add1a64388e1d151c2a9ad1, type: 3}
      propertyPath: m_LocalEulerAnglesHint.y
      value: 90
      objectReference: {fileID: 0}
    - target: {fileID: 37475097401653960, guid: 1165e1587add1a64388e1d151c2a9ad1, type: 3}
      propertyPath: m_LocalEulerAnglesHint.z
      value: 0
      objectReference: {fileID: 0}
    - target: {fileID: 850885435344035954, guid: 1165e1587add1a64388e1d151c2a9ad1, type: 3}
      propertyPath: m_Name
      value: Torch (2)
      objectReference: {fileID: 0}
    - target: {fileID: 8231199613166860084, guid: 1165e1587add1a64388e1d151c2a9ad1, type: 3}
      propertyPath: m_LocalPosition.x
      value: 0.35
      objectReference: {fileID: 0}
    - target: {fileID: 8231199613166860084, guid: 1165e1587add1a64388e1d151c2a9ad1, type: 3}
      propertyPath: m_LocalPosition.z
      value: -0.4
      objectReference: {fileID: 0}
    m_RemovedComponents: []
  m_SourcePrefab: {fileID: 100100000, guid: 1165e1587add1a64388e1d151c2a9ad1, type: 3}
--- !u!1001 &571597342
PrefabInstance:
  m_ObjectHideFlags: 0
  serializedVersion: 2
  m_Modification:
    m_TransformParent: {fileID: 0}
    m_Modifications:
    - target: {fileID: 288590660021281797, guid: 6aa8819b4d2bd2848a5195552b368312, type: 3}
      propertyPath: m_Name
      value: Canvas
      objectReference: {fileID: 0}
    - target: {fileID: 288590660021282041, guid: 6aa8819b4d2bd2848a5195552b368312, type: 3}
      propertyPath: m_LocalPosition.x
      value: 0
      objectReference: {fileID: 0}
    - target: {fileID: 288590660021282041, guid: 6aa8819b4d2bd2848a5195552b368312, type: 3}
      propertyPath: m_LocalPosition.y
      value: 0
      objectReference: {fileID: 0}
    - target: {fileID: 288590660021282041, guid: 6aa8819b4d2bd2848a5195552b368312, type: 3}
      propertyPath: m_LocalPosition.z
      value: 3.65
      objectReference: {fileID: 0}
    - target: {fileID: 288590660021282041, guid: 6aa8819b4d2bd2848a5195552b368312, type: 3}
      propertyPath: m_LocalRotation.x
      value: 0
      objectReference: {fileID: 0}
    - target: {fileID: 288590660021282041, guid: 6aa8819b4d2bd2848a5195552b368312, type: 3}
      propertyPath: m_LocalRotation.y
      value: 0
      objectReference: {fileID: 0}
    - target: {fileID: 288590660021282041, guid: 6aa8819b4d2bd2848a5195552b368312, type: 3}
      propertyPath: m_LocalRotation.z
      value: 0
      objectReference: {fileID: 0}
    - target: {fileID: 288590660021282041, guid: 6aa8819b4d2bd2848a5195552b368312, type: 3}
      propertyPath: m_LocalRotation.w
      value: 1
      objectReference: {fileID: 0}
    - target: {fileID: 288590660021282041, guid: 6aa8819b4d2bd2848a5195552b368312, type: 3}
      propertyPath: m_RootOrder
      value: 3
      objectReference: {fileID: 0}
    - target: {fileID: 288590660021282041, guid: 6aa8819b4d2bd2848a5195552b368312, type: 3}
      propertyPath: m_LocalEulerAnglesHint.x
      value: 0
      objectReference: {fileID: 0}
    - target: {fileID: 288590660021282041, guid: 6aa8819b4d2bd2848a5195552b368312, type: 3}
      propertyPath: m_LocalEulerAnglesHint.y
      value: 0
      objectReference: {fileID: 0}
    - target: {fileID: 288590660021282041, guid: 6aa8819b4d2bd2848a5195552b368312, type: 3}
      propertyPath: m_LocalEulerAnglesHint.z
      value: 0
      objectReference: {fileID: 0}
    - target: {fileID: 288590660021282041, guid: 6aa8819b4d2bd2848a5195552b368312, type: 3}
      propertyPath: m_AnchoredPosition.x
      value: 0.012047052
      objectReference: {fileID: 0}
    - target: {fileID: 288590660021282041, guid: 6aa8819b4d2bd2848a5195552b368312, type: 3}
      propertyPath: m_AnchoredPosition.y
      value: 2.38
      objectReference: {fileID: 0}
    - target: {fileID: 288590660021282041, guid: 6aa8819b4d2bd2848a5195552b368312, type: 3}
      propertyPath: m_SizeDelta.x
      value: 6979.9946
      objectReference: {fileID: 0}
    - target: {fileID: 288590660021282041, guid: 6aa8819b4d2bd2848a5195552b368312, type: 3}
      propertyPath: m_SizeDelta.y
      value: 3155.4062
      objectReference: {fileID: 0}
    - target: {fileID: 288590660021282041, guid: 6aa8819b4d2bd2848a5195552b368312, type: 3}
      propertyPath: m_AnchorMin.x
      value: 0
      objectReference: {fileID: 0}
    - target: {fileID: 288590660021282041, guid: 6aa8819b4d2bd2848a5195552b368312, type: 3}
      propertyPath: m_AnchorMin.y
      value: 0
      objectReference: {fileID: 0}
    - target: {fileID: 288590660021282041, guid: 6aa8819b4d2bd2848a5195552b368312, type: 3}
      propertyPath: m_AnchorMax.x
      value: 0
      objectReference: {fileID: 0}
    - target: {fileID: 288590660021282041, guid: 6aa8819b4d2bd2848a5195552b368312, type: 3}
      propertyPath: m_AnchorMax.y
      value: 0
      objectReference: {fileID: 0}
    - target: {fileID: 288590660021282041, guid: 6aa8819b4d2bd2848a5195552b368312, type: 3}
      propertyPath: m_Pivot.x
      value: 0.5
      objectReference: {fileID: 0}
    - target: {fileID: 288590660021282041, guid: 6aa8819b4d2bd2848a5195552b368312, type: 3}
      propertyPath: m_Pivot.y
      value: 0.5
      objectReference: {fileID: 0}
    - target: {fileID: 288590660299674648, guid: 6aa8819b4d2bd2848a5195552b368312, type: 3}
      propertyPath: m_Color.r
      value: 1
      objectReference: {fileID: 0}
    - target: {fileID: 288590660299674648, guid: 6aa8819b4d2bd2848a5195552b368312, type: 3}
      propertyPath: m_Color.g
      value: 0.77077717
      objectReference: {fileID: 0}
    - target: {fileID: 288590660299674648, guid: 6aa8819b4d2bd2848a5195552b368312, type: 3}
      propertyPath: m_Color.b
      value: 0.25943398
      objectReference: {fileID: 0}
    - target: {fileID: 288590660299674648, guid: 6aa8819b4d2bd2848a5195552b368312, type: 3}
      propertyPath: m_Text
      value: "\tFIRST, STEP ON  SMALL PANEL"
      objectReference: {fileID: 0}
    - target: {fileID: 288590660299674648, guid: 6aa8819b4d2bd2848a5195552b368312, type: 3}
      propertyPath: m_FontData.m_LineSpacing
      value: 1
      objectReference: {fileID: 0}
    - target: {fileID: 288590660299674648, guid: 6aa8819b4d2bd2848a5195552b368312, type: 3}
      propertyPath: m_FontData.m_Alignment
      value: 1
      objectReference: {fileID: 0}
    - target: {fileID: 288590660299674663, guid: 6aa8819b4d2bd2848a5195552b368312, type: 3}
      propertyPath: m_AnchoredPosition.x
      value: -201
      objectReference: {fileID: 0}
    - target: {fileID: 288590661604149129, guid: 6aa8819b4d2bd2848a5195552b368312, type: 3}
      propertyPath: m_AnchoredPosition.y
      value: -903.66
      objectReference: {fileID: 0}
    - target: {fileID: 288590661604149129, guid: 6aa8819b4d2bd2848a5195552b368312, type: 3}
      propertyPath: m_AnchoredPosition.x
      value: 449
      objectReference: {fileID: 0}
    - target: {fileID: 288590661604149129, guid: 6aa8819b4d2bd2848a5195552b368312, type: 3}
      propertyPath: m_SizeDelta.x
      value: 2333.3389
      objectReference: {fileID: 0}
    - target: {fileID: 288590661604149129, guid: 6aa8819b4d2bd2848a5195552b368312, type: 3}
      propertyPath: m_SizeDelta.y
      value: 937.7955
      objectReference: {fileID: 0}
    - target: {fileID: 288590661604149130, guid: 6aa8819b4d2bd2848a5195552b368312, type: 3}
      propertyPath: m_Color.r
      value: 0.9433962
      objectReference: {fileID: 0}
    - target: {fileID: 288590661604149130, guid: 6aa8819b4d2bd2848a5195552b368312, type: 3}
      propertyPath: m_Color.g
      value: 0.7574505
      objectReference: {fileID: 0}
    - target: {fileID: 288590661604149130, guid: 6aa8819b4d2bd2848a5195552b368312, type: 3}
      propertyPath: m_Color.b
      value: 0.3426486
      objectReference: {fileID: 0}
    - target: {fileID: 288590661604149130, guid: 6aa8819b4d2bd2848a5195552b368312, type: 3}
      propertyPath: m_Text
      value: AND PUT THE STATUE ON SECOND PANEL THAT APPEARS
      objectReference: {fileID: 0}
    - target: {fileID: 288590661604149130, guid: 6aa8819b4d2bd2848a5195552b368312, type: 3}
      propertyPath: m_FontData.m_LineSpacing
      value: 1
      objectReference: {fileID: 0}
    m_RemovedComponents: []
  m_SourcePrefab: {fileID: 100100000, guid: 6aa8819b4d2bd2848a5195552b368312, type: 3}
--- !u!82 &574481281 stripped
AudioSource:
  m_CorrespondingSourceObject: {fileID: 388004051340355764, guid: 661567f8e75769a4989415e0544ce879, type: 3}
  m_PrefabInstance: {fileID: 1894768402}
  m_PrefabAsset: {fileID: 0}
--- !u!1001 &780597867
PrefabInstance:
  m_ObjectHideFlags: 0
  serializedVersion: 2
  m_Modification:
    m_TransformParent: {fileID: 0}
    m_Modifications:
    - target: {fileID: 5035050016910582594, guid: dd820f3edd390b14186a9692b24d7614, type: 3}
      propertyPath: m_LocalPosition.x
      value: 2.2347713
      objectReference: {fileID: 0}
    - target: {fileID: 5035050016910582594, guid: dd820f3edd390b14186a9692b24d7614, type: 3}
      propertyPath: m_LocalPosition.y
      value: 0.5343628
      objectReference: {fileID: 0}
    - target: {fileID: 5035050016910582594, guid: dd820f3edd390b14186a9692b24d7614, type: 3}
      propertyPath: m_LocalPosition.z
      value: 2.7070503
      objectReference: {fileID: 0}
    - target: {fileID: 5035050016910582594, guid: dd820f3edd390b14186a9692b24d7614, type: 3}
      propertyPath: m_LocalRotation.x
      value: 0
      objectReference: {fileID: 0}
    - target: {fileID: 5035050016910582594, guid: dd820f3edd390b14186a9692b24d7614, type: 3}
      propertyPath: m_LocalRotation.y
      value: 1
      objectReference: {fileID: 0}
    - target: {fileID: 5035050016910582594, guid: dd820f3edd390b14186a9692b24d7614, type: 3}
      propertyPath: m_LocalRotation.z
      value: 0
      objectReference: {fileID: 0}
    - target: {fileID: 5035050016910582594, guid: dd820f3edd390b14186a9692b24d7614, type: 3}
      propertyPath: m_LocalRotation.w
      value: 0
      objectReference: {fileID: 0}
    - target: {fileID: 5035050016910582594, guid: dd820f3edd390b14186a9692b24d7614, type: 3}
      propertyPath: m_RootOrder
      value: 2
      objectReference: {fileID: 0}
    - target: {fileID: 5035050016910582594, guid: dd820f3edd390b14186a9692b24d7614, type: 3}
      propertyPath: m_LocalEulerAnglesHint.x
      value: 0
      objectReference: {fileID: 0}
    - target: {fileID: 5035050016910582594, guid: dd820f3edd390b14186a9692b24d7614, type: 3}
      propertyPath: m_LocalEulerAnglesHint.y
      value: 180
      objectReference: {fileID: 0}
    - target: {fileID: 5035050016910582594, guid: dd820f3edd390b14186a9692b24d7614, type: 3}
      propertyPath: m_LocalEulerAnglesHint.z
      value: 0
      objectReference: {fileID: 0}
    - target: {fileID: 5035050016910582598, guid: dd820f3edd390b14186a9692b24d7614, type: 3}
      propertyPath: rock
      value: 
      objectReference: {fileID: 574481281}
    - target: {fileID: 5035050016910582605, guid: dd820f3edd390b14186a9692b24d7614, type: 3}
      propertyPath: m_Name
      value: Hero 1
      objectReference: {fileID: 0}
    m_RemovedComponents: []
  m_SourcePrefab: {fileID: 100100000, guid: dd820f3edd390b14186a9692b24d7614, type: 3}
--- !u!1 &883757157 stripped
GameObject:
  m_CorrespondingSourceObject: {fileID: 8164078558771037576, guid: b9007c322306ca84b94f7678f9ab289e, type: 3}
  m_PrefabInstance: {fileID: 1280309799}
  m_PrefabAsset: {fileID: 0}
--- !u!64 &883757161
MeshCollider:
  m_ObjectHideFlags: 0
  m_CorrespondingSourceObject: {fileID: 0}
  m_PrefabInstance: {fileID: 0}
  m_PrefabAsset: {fileID: 0}
  m_GameObject: {fileID: 883757157}
  m_Material: {fileID: 0}
  m_IsTrigger: 0
  m_Enabled: 1
  serializedVersion: 4
  m_Convex: 0
  m_CookingOptions: 30
  m_Mesh: {fileID: -2432090755550338912, guid: b9007c322306ca84b94f7678f9ab289e, type: 3}
--- !u!1 &1222793941 stripped
GameObject:
  m_CorrespondingSourceObject: {fileID: 174297695307227616, guid: fd97b377b5c633f4bb39005157a54073, type: 3}
  m_PrefabInstance: {fileID: 189031031}
  m_PrefabAsset: {fileID: 0}
--- !u!1001 &1280309799
PrefabInstance:
  m_ObjectHideFlags: 0
  serializedVersion: 2
  m_Modification:
    m_TransformParent: {fileID: 0}
    m_Modifications:
    - target: {fileID: -8679921383154817045, guid: b9007c322306ca84b94f7678f9ab289e, type: 3}
      propertyPath: m_LocalPosition.x
      value: 0
      objectReference: {fileID: 0}
    - target: {fileID: -8679921383154817045, guid: b9007c322306ca84b94f7678f9ab289e, type: 3}
      propertyPath: m_LocalPosition.y
      value: 0.0343616
      objectReference: {fileID: 0}
    - target: {fileID: -8679921383154817045, guid: b9007c322306ca84b94f7678f9ab289e, type: 3}
      propertyPath: m_LocalPosition.z
      value: 0.31540585
      objectReference: {fileID: 0}
    - target: {fileID: -8679921383154817045, guid: b9007c322306ca84b94f7678f9ab289e, type: 3}
      propertyPath: m_LocalRotation.x
      value: 0
      objectReference: {fileID: 0}
    - target: {fileID: -8679921383154817045, guid: b9007c322306ca84b94f7678f9ab289e, type: 3}
      propertyPath: m_LocalRotation.y
      value: 1
      objectReference: {fileID: 0}
    - target: {fileID: -8679921383154817045, guid: b9007c322306ca84b94f7678f9ab289e, type: 3}
      propertyPath: m_LocalRotation.z
      value: 0
      objectReference: {fileID: 0}
    - target: {fileID: -8679921383154817045, guid: b9007c322306ca84b94f7678f9ab289e, type: 3}
      propertyPath: m_LocalRotation.w
      value: 0
      objectReference: {fileID: 0}
    - target: {fileID: -8679921383154817045, guid: b9007c322306ca84b94f7678f9ab289e, type: 3}
      propertyPath: m_RootOrder
      value: 0
      objectReference: {fileID: 0}
    - target: {fileID: -8679921383154817045, guid: b9007c322306ca84b94f7678f9ab289e, type: 3}
      propertyPath: m_LocalEulerAnglesHint.x
      value: 0
      objectReference: {fileID: 0}
    - target: {fileID: -8679921383154817045, guid: b9007c322306ca84b94f7678f9ab289e, type: 3}
      propertyPath: m_LocalEulerAnglesHint.y
      value: 180
      objectReference: {fileID: 0}
    - target: {fileID: -8679921383154817045, guid: b9007c322306ca84b94f7678f9ab289e, type: 3}
      propertyPath: m_LocalEulerAnglesHint.z
      value: 0
      objectReference: {fileID: 0}
    - target: {fileID: -7635826562936255635, guid: b9007c322306ca84b94f7678f9ab289e, type: 3}
      propertyPath: m_Materials.Array.data[0]
      value: 
      objectReference: {fileID: 2100000, guid: 0570033ee79ec7f48b60032a6eba92ed, type: 2}
    - target: {fileID: 919132149155446097, guid: b9007c322306ca84b94f7678f9ab289e, type: 3}
      propertyPath: m_Name
      value: Room3
      objectReference: {fileID: 0}
    - target: {fileID: 919132149155446097, guid: b9007c322306ca84b94f7678f9ab289e, type: 3}
      propertyPath: m_Layer
      value: 0
      objectReference: {fileID: 0}
    - target: {fileID: 8164078558771037576, guid: b9007c322306ca84b94f7678f9ab289e, type: 3}
      propertyPath: m_Layer
      value: 0
      objectReference: {fileID: 0}
    m_RemovedComponents: []
  m_SourcePrefab: {fileID: 100100000, guid: b9007c322306ca84b94f7678f9ab289e, type: 3}
--- !u!1001 &1635186087
PrefabInstance:
  m_ObjectHideFlags: 0
  serializedVersion: 2
  m_Modification:
    m_TransformParent: {fileID: 0}
    m_Modifications:
    - target: {fileID: 3546971224016926278, guid: 99c7c3bd72752e54881d80fe921aa5d1, type: 3}
      propertyPath: m_Name
      value: Sound
      objectReference: {fileID: 0}
    - target: {fileID: 3546971224016926281, guid: 99c7c3bd72752e54881d80fe921aa5d1, type: 3}
      propertyPath: m_LocalPosition.x
      value: 1.7682415
      objectReference: {fileID: 0}
    - target: {fileID: 3546971224016926281, guid: 99c7c3bd72752e54881d80fe921aa5d1, type: 3}
      propertyPath: m_LocalPosition.y
      value: 0.57186127
      objectReference: {fileID: 0}
    - target: {fileID: 3546971224016926281, guid: 99c7c3bd72752e54881d80fe921aa5d1, type: 3}
      propertyPath: m_LocalPosition.z
      value: 3.4020777
      objectReference: {fileID: 0}
    - target: {fileID: 3546971224016926281, guid: 99c7c3bd72752e54881d80fe921aa5d1, type: 3}
      propertyPath: m_LocalRotation.x
      value: -0
      objectReference: {fileID: 0}
    - target: {fileID: 3546971224016926281, guid: 99c7c3bd72752e54881d80fe921aa5d1, type: 3}
      propertyPath: m_LocalRotation.y
      value: -0
      objectReference: {fileID: 0}
    - target: {fileID: 3546971224016926281, guid: 99c7c3bd72752e54881d80fe921aa5d1, type: 3}
      propertyPath: m_LocalRotation.z
      value: -0
      objectReference: {fileID: 0}
    - target: {fileID: 3546971224016926281, guid: 99c7c3bd72752e54881d80fe921aa5d1, type: 3}
      propertyPath: m_LocalRotation.w
      value: 1
      objectReference: {fileID: 0}
    - target: {fileID: 3546971224016926281, guid: 99c7c3bd72752e54881d80fe921aa5d1, type: 3}
      propertyPath: m_RootOrder
      value: 10
      objectReference: {fileID: 0}
    - target: {fileID: 3546971224016926281, guid: 99c7c3bd72752e54881d80fe921aa5d1, type: 3}
      propertyPath: m_LocalEulerAnglesHint.x
      value: 0
      objectReference: {fileID: 0}
    - target: {fileID: 3546971224016926281, guid: 99c7c3bd72752e54881d80fe921aa5d1, type: 3}
      propertyPath: m_LocalEulerAnglesHint.y
      value: 0
      objectReference: {fileID: 0}
    - target: {fileID: 3546971224016926281, guid: 99c7c3bd72752e54881d80fe921aa5d1, type: 3}
      propertyPath: m_LocalEulerAnglesHint.z
      value: 0
      objectReference: {fileID: 0}
    m_RemovedComponents: []
  m_SourcePrefab: {fileID: 100100000, guid: 99c7c3bd72752e54881d80fe921aa5d1, type: 3}
--- !u!1001 &1894768402
PrefabInstance:
  m_ObjectHideFlags: 0
  serializedVersion: 2
  m_Modification:
    m_TransformParent: {fileID: 0}
    m_Modifications:
    - target: {fileID: 388004051340355764, guid: 661567f8e75769a4989415e0544ce879, type: 3}
      propertyPath: Loop
      value: 1
      objectReference: {fileID: 0}
    - target: {fileID: 6238500889893922492, guid: 661567f8e75769a4989415e0544ce879, type: 3}
      propertyPath: m_Name
      value: StatueSound 1
      objectReference: {fileID: 0}
    - target: {fileID: 6238500889893922495, guid: 661567f8e75769a4989415e0544ce879, type: 3}
      propertyPath: m_LocalPosition.x
      value: 0.81003046
      objectReference: {fileID: 0}
    - target: {fileID: 6238500889893922495, guid: 661567f8e75769a4989415e0544ce879, type: 3}
      propertyPath: m_LocalPosition.y
      value: 2.0827093
      objectReference: {fileID: 0}
    - target: {fileID: 6238500889893922495, guid: 661567f8e75769a4989415e0544ce879, type: 3}
      propertyPath: m_LocalPosition.z
      value: 10.325191
      objectReference: {fileID: 0}
    - target: {fileID: 6238500889893922495, guid: 661567f8e75769a4989415e0544ce879, type: 3}
      propertyPath: m_LocalRotation.x
      value: -0
      objectReference: {fileID: 0}
    - target: {fileID: 6238500889893922495, guid: 661567f8e75769a4989415e0544ce879, type: 3}
      propertyPath: m_LocalRotation.y
      value: -1
      objectReference: {fileID: 0}
    - target: {fileID: 6238500889893922495, guid: 661567f8e75769a4989415e0544ce879, type: 3}
      propertyPath: m_LocalRotation.z
      value: -0
      objectReference: {fileID: 0}
    - target: {fileID: 6238500889893922495, guid: 661567f8e75769a4989415e0544ce879, type: 3}
      propertyPath: m_LocalRotation.w
      value: 0
      objectReference: {fileID: 0}
    - target: {fileID: 6238500889893922495, guid: 661567f8e75769a4989415e0544ce879, type: 3}
      propertyPath: m_RootOrder
      value: 11
      objectReference: {fileID: 0}
    - target: {fileID: 6238500889893922495, guid: 661567f8e75769a4989415e0544ce879, type: 3}
      propertyPath: m_LocalEulerAnglesHint.x
      value: 0
      objectReference: {fileID: 0}
    - target: {fileID: 6238500889893922495, guid: 661567f8e75769a4989415e0544ce879, type: 3}
      propertyPath: m_LocalEulerAnglesHint.y
      value: 0
      objectReference: {fileID: 0}
    - target: {fileID: 6238500889893922495, guid: 661567f8e75769a4989415e0544ce879, type: 3}
      propertyPath: m_LocalEulerAnglesHint.z
      value: 0
      objectReference: {fileID: 0}
    m_RemovedComponents: []
  m_SourcePrefab: {fileID: 100100000, guid: 661567f8e75769a4989415e0544ce879, type: 3}
--- !u!1001 &1928394951
PrefabInstance:
  m_ObjectHideFlags: 0
  serializedVersion: 2
  m_Modification:
    m_TransformParent: {fileID: 0}
    m_Modifications:
    - target: {fileID: 37475097401653960, guid: 1165e1587add1a64388e1d151c2a9ad1, type: 3}
      propertyPath: m_LocalPosition.x
      value: -3.16
      objectReference: {fileID: 0}
    - target: {fileID: 37475097401653960, guid: 1165e1587add1a64388e1d151c2a9ad1, type: 3}
      propertyPath: m_LocalPosition.y
      value: 1.9069998
      objectReference: {fileID: 0}
    - target: {fileID: 37475097401653960, guid: 1165e1587add1a64388e1d151c2a9ad1, type: 3}
      propertyPath: m_LocalPosition.z
      value: -0.17
      objectReference: {fileID: 0}
    - target: {fileID: 37475097401653960, guid: 1165e1587add1a64388e1d151c2a9ad1, type: 3}
      propertyPath: m_LocalRotation.x
      value: 0
      objectReference: {fileID: 0}
    - target: {fileID: 37475097401653960, guid: 1165e1587add1a64388e1d151c2a9ad1, type: 3}
      propertyPath: m_LocalRotation.y
      value: -0.7071068
      objectReference: {fileID: 0}
    - target: {fileID: 37475097401653960, guid: 1165e1587add1a64388e1d151c2a9ad1, type: 3}
      propertyPath: m_LocalRotation.z
      value: 0
      objectReference: {fileID: 0}
    - target: {fileID: 37475097401653960, guid: 1165e1587add1a64388e1d151c2a9ad1, type: 3}
      propertyPath: m_LocalRotation.w
      value: 0.7071068
      objectReference: {fileID: 0}
    - target: {fileID: 37475097401653960, guid: 1165e1587add1a64388e1d151c2a9ad1, type: 3}
      propertyPath: m_RootOrder
      value: 5
      objectReference: {fileID: 0}
    - target: {fileID: 37475097401653960, guid: 1165e1587add1a64388e1d151c2a9ad1, type: 3}
      propertyPath: m_LocalEulerAnglesHint.x
      value: 0
      objectReference: {fileID: 0}
    - target: {fileID: 37475097401653960, guid: 1165e1587add1a64388e1d151c2a9ad1, type: 3}
      propertyPath: m_LocalEulerAnglesHint.y
      value: -90
      objectReference: {fileID: 0}
    - target: {fileID: 37475097401653960, guid: 1165e1587add1a64388e1d151c2a9ad1, type: 3}
      propertyPath: m_LocalEulerAnglesHint.z
      value: 0
      objectReference: {fileID: 0}
    - target: {fileID: 645447778557840272, guid: 1165e1587add1a64388e1d151c2a9ad1, type: 3}
      propertyPath: m_LocalPosition.x
      value: 0.03
      objectReference: {fileID: 0}
    - target: {fileID: 645447778557840272, guid: 1165e1587add1a64388e1d151c2a9ad1, type: 3}
      propertyPath: m_LocalPosition.z
      value: -0
      objectReference: {fileID: 0}
    - target: {fileID: 850885435344035954, guid: 1165e1587add1a64388e1d151c2a9ad1, type: 3}
      propertyPath: m_Name
      value: Torch (1)
      objectReference: {fileID: 0}
    - target: {fileID: 8231199613166860084, guid: 1165e1587add1a64388e1d151c2a9ad1, type: 3}
      propertyPath: m_LocalPosition.x
      value: -0.21
      objectReference: {fileID: 0}
    - target: {fileID: 8231199613166860084, guid: 1165e1587add1a64388e1d151c2a9ad1, type: 3}
      propertyPath: m_LocalPosition.z
      value: -0.42
      objectReference: {fileID: 0}
    - target: {fileID: 8231199613166860084, guid: 1165e1587add1a64388e1d151c2a9ad1, type: 3}
      propertyPath: m_LocalPosition.y
      value: 1.62
      objectReference: {fileID: 0}
    m_RemovedComponents: []
  m_SourcePrefab: {fileID: 100100000, guid: 1165e1587add1a64388e1d151c2a9ad1, type: 3}
--- !u!1001 &2069055541
PrefabInstance:
  m_ObjectHideFlags: 0
  serializedVersion: 2
  m_Modification:
    m_TransformParent: {fileID: 0}
    m_Modifications:
    - target: {fileID: 8940850400157329579, guid: 0570287ac447eaf45aa70f728e9db3ef, type: 3}
      propertyPath: m_Name
      value: Main Camera
      objectReference: {fileID: 0}
    - target: {fileID: 8940850400157329590, guid: 0570287ac447eaf45aa70f728e9db3ef, type: 3}
      propertyPath: m_LocalPosition.x
      value: 0.07
      objectReference: {fileID: 0}
    - target: {fileID: 8940850400157329590, guid: 0570287ac447eaf45aa70f728e9db3ef, type: 3}
      propertyPath: m_LocalPosition.y
      value: 7.8370004
      objectReference: {fileID: 0}
    - target: {fileID: 8940850400157329590, guid: 0570287ac447eaf45aa70f728e9db3ef, type: 3}
      propertyPath: m_LocalPosition.z
      value: -7.140667
      objectReference: {fileID: 0}
    - target: {fileID: 8940850400157329590, guid: 0570287ac447eaf45aa70f728e9db3ef, type: 3}
      propertyPath: m_LocalRotation.x
      value: 0.38268343
      objectReference: {fileID: 0}
    - target: {fileID: 8940850400157329590, guid: 0570287ac447eaf45aa70f728e9db3ef, type: 3}
      propertyPath: m_LocalRotation.y
      value: 0
      objectReference: {fileID: 0}
    - target: {fileID: 8940850400157329590, guid: 0570287ac447eaf45aa70f728e9db3ef, type: 3}
      propertyPath: m_LocalRotation.z
      value: 0
      objectReference: {fileID: 0}
    - target: {fileID: 8940850400157329590, guid: 0570287ac447eaf45aa70f728e9db3ef, type: 3}
      propertyPath: m_LocalRotation.w
      value: 0.92387956
      objectReference: {fileID: 0}
    - target: {fileID: 8940850400157329590, guid: 0570287ac447eaf45aa70f728e9db3ef, type: 3}
      propertyPath: m_RootOrder
      value: 9
      objectReference: {fileID: 0}
    - target: {fileID: 8940850400157329590, guid: 0570287ac447eaf45aa70f728e9db3ef, type: 3}
      propertyPath: m_LocalEulerAnglesHint.x
      value: 45
      objectReference: {fileID: 0}
    - target: {fileID: 8940850400157329590, guid: 0570287ac447eaf45aa70f728e9db3ef, type: 3}
      propertyPath: m_LocalEulerAnglesHint.y
      value: 0
      objectReference: {fileID: 0}
    - target: {fileID: 8940850400157329590, guid: 0570287ac447eaf45aa70f728e9db3ef, type: 3}
      propertyPath: m_LocalEulerAnglesHint.z
      value: 0
      objectReference: {fileID: 0}
    m_RemovedComponents: []
  m_SourcePrefab: {fileID: 100100000, guid: 0570287ac447eaf45aa70f728e9db3ef, type: 3}
--- !u!82 &2145939654 stripped
AudioSource:
  m_CorrespondingSourceObject: {fileID: 4150345335558838374, guid: d7208c1bd053fd34d93846e1ea0eda3a, type: 3}
  m_PrefabInstance: {fileID: 211614216}
  m_PrefabAsset: {fileID: 0}
--- !u!1001 &972279186761516685
PrefabInstance:
  m_ObjectHideFlags: 0
  serializedVersion: 2
  m_Modification:
    m_TransformParent: {fileID: 0}
    m_Modifications:
    - target: {fileID: 125910665492730100, guid: 7d605834302fc7740a52d257b194a775, type: 3}
      propertyPath: m_Name
      value: FootPanel
      objectReference: {fileID: 0}
    - target: {fileID: 789400668788017742, guid: 7d605834302fc7740a52d257b194a775, type: 3}
      propertyPath: m_LocalPosition.x
      value: -3.083
      objectReference: {fileID: 0}
    - target: {fileID: 789400668788017742, guid: 7d605834302fc7740a52d257b194a775, type: 3}
      propertyPath: m_LocalPosition.y
      value: 0.51
      objectReference: {fileID: 0}
    - target: {fileID: 789400668788017742, guid: 7d605834302fc7740a52d257b194a775, type: 3}
      propertyPath: m_LocalPosition.z
      value: -1.88
      objectReference: {fileID: 0}
    - target: {fileID: 789400668788017742, guid: 7d605834302fc7740a52d257b194a775, type: 3}
      propertyPath: m_LocalRotation.x
      value: 0
      objectReference: {fileID: 0}
    - target: {fileID: 789400668788017742, guid: 7d605834302fc7740a52d257b194a775, type: 3}
      propertyPath: m_LocalRotation.y
      value: -0
      objectReference: {fileID: 0}
    - target: {fileID: 789400668788017742, guid: 7d605834302fc7740a52d257b194a775, type: 3}
      propertyPath: m_LocalRotation.z
      value: -0
      objectReference: {fileID: 0}
    - target: {fileID: 789400668788017742, guid: 7d605834302fc7740a52d257b194a775, type: 3}
      propertyPath: m_LocalRotation.w
      value: 1
      objectReference: {fileID: 0}
    - target: {fileID: 789400668788017742, guid: 7d605834302fc7740a52d257b194a775, type: 3}
      propertyPath: m_RootOrder
      value: 6
      objectReference: {fileID: 0}
    - target: {fileID: 789400668788017742, guid: 7d605834302fc7740a52d257b194a775, type: 3}
      propertyPath: m_LocalEulerAnglesHint.x
      value: 0
      objectReference: {fileID: 0}
    - target: {fileID: 789400668788017742, guid: 7d605834302fc7740a52d257b194a775, type: 3}
      propertyPath: m_LocalEulerAnglesHint.y
      value: 0
      objectReference: {fileID: 0}
    - target: {fileID: 789400668788017742, guid: 7d605834302fc7740a52d257b194a775, type: 3}
      propertyPath: m_LocalEulerAnglesHint.z
      value: 0
      objectReference: {fileID: 0}
    - target: {fileID: 972279185248028967, guid: 7d605834302fc7740a52d257b194a775, type: 3}
      propertyPath: tape
      value: 
      objectReference: {fileID: 1222793941}
    m_RemovedComponents: []
  m_SourcePrefab: {fileID: 100100000, guid: 7d605834302fc7740a52d257b194a775, type: 3}
--- !u!1 &972279186761516686 stripped
GameObject:
  m_CorrespondingSourceObject: {fileID: 8949383587636176941, guid: 7d605834302fc7740a52d257b194a775, type: 3}
  m_PrefabInstance: {fileID: 972279186761516685}
  m_PrefabAsset: {fileID: 0}
--- !u!114 &972279186761516687
MonoBehaviour:
  m_ObjectHideFlags: 0
  m_CorrespondingSourceObject: {fileID: 0}
  m_PrefabInstance: {fileID: 0}
  m_PrefabAsset: {fileID: 0}
  m_GameObject: {fileID: 972279186761516686}
  m_Enabled: 1
  m_EditorHideFlags: 0
  m_Script: {fileID: 11500000, guid: 1b8da219a775c074cbe70e66904268ee, type: 3}
  m_Name: 
  m_EditorClassIdentifier: 
  panel: {fileID: 972279186761516686}
  Sactive: 0
  SteamTrap: {fileID: 1222793941}
  IsActivate: 0
--- !u!114 &972279186761516689
MonoBehaviour:
  m_ObjectHideFlags: 0
  m_CorrespondingSourceObject: {fileID: 0}
  m_PrefabInstance: {fileID: 0}
  m_PrefabAsset: {fileID: 0}
  m_GameObject: {fileID: 972279186761516686}
  m_Enabled: 1
  m_EditorHideFlags: 0
  m_Script: {fileID: 11500000, guid: 01bdf9b788f2ad441965fa7d399886bc, type: 3}
  m_Name: 
  m_EditorClassIdentifier: 
  sound: {fileID: 194178725}
--- !u!1 &1285712520241488170
GameObject:
  m_ObjectHideFlags: 0
  m_CorrespondingSourceObject: {fileID: 0}
  m_PrefabInstance: {fileID: 0}
  m_PrefabAsset: {fileID: 0}
  serializedVersion: 6
  m_Component:
  - component: {fileID: 8025955254130061841}
  - component: {fileID: 5167533795048950619}
  - component: {fileID: 8544312257731571663}
  m_Layer: 0
  m_Name: default
  m_TagString: Untagged
  m_Icon: {fileID: 0}
  m_NavMeshLayer: 0
  m_StaticEditorFlags: 0
  m_IsActive: 1
--- !u!33 &5167533795048950619
MeshFilter:
  m_ObjectHideFlags: 0
  m_CorrespondingSourceObject: {fileID: 0}
  m_PrefabInstance: {fileID: 0}
  m_PrefabAsset: {fileID: 0}
  m_GameObject: {fileID: 1285712520241488170}
  m_Mesh: {fileID: -2432090755550338912, guid: c94835dbe3319b541a9c4a2fd8376044, type: 3}
--- !u!65 &6961270383494980772
BoxCollider:
  m_ObjectHideFlags: 0
  m_CorrespondingSourceObject: {fileID: 0}
  m_PrefabInstance: {fileID: 0}
  m_PrefabAsset: {fileID: 0}
  m_GameObject: {fileID: 7807569782913849843}
  m_Material: {fileID: 0}
  m_IsTrigger: 0
  m_Enabled: 1
  serializedVersion: 2
  m_Size: {x: 0.5261123, y: 1.5296944, z: 1.5059763}
  m_Center: {x: 0.2369439, y: 0.747106, z: 0.25298828}
--- !u!135 &6961270383494980774
SphereCollider:
  m_ObjectHideFlags: 0
  m_CorrespondingSourceObject: {fileID: 0}
  m_PrefabInstance: {fileID: 0}
  m_PrefabAsset: {fileID: 0}
  m_GameObject: {fileID: 7807569782913849843}
  m_Material: {fileID: 0}
  m_IsTrigger: 1
  m_Enabled: 1
  serializedVersion: 2
  m_Radius: 1.0991126
  m_Center: {x: 0.88439536, y: 2.779816, z: 0.20153871}
--- !u!95 &6961270383494980775
Animator:
  serializedVersion: 3
  m_ObjectHideFlags: 0
  m_CorrespondingSourceObject: {fileID: 0}
  m_PrefabInstance: {fileID: 0}
  m_PrefabAsset: {fileID: 0}
  m_GameObject: {fileID: 7807569782913849843}
  m_Enabled: 1
  m_Avatar: {fileID: 0}
  m_Controller: {fileID: 9100000, guid: e94b59f6595faf64c84c887638e354f5, type: 2}
  m_CullingMode: 0
  m_UpdateMode: 0
  m_ApplyRootMotion: 0
  m_LinearVelocityBlending: 0
  m_WarningMessage: 
  m_HasTransformHierarchy: 1
  m_AllowConstantClipSamplingOptimization: 1
  m_KeepAnimatorControllerStateOnDisable: 0
--- !u!114 &6961270383494980793
MonoBehaviour:
  m_ObjectHideFlags: 0
  m_CorrespondingSourceObject: {fileID: 0}
  m_PrefabInstance: {fileID: 0}
  m_PrefabAsset: {fileID: 0}
  m_GameObject: {fileID: 7807569782913849843}
  m_Enabled: 1
  m_EditorHideFlags: 0
  m_Script: {fileID: 11500000, guid: b5d6ba4a124a8d5449a33340d18c06e6, type: 3}
  m_Name: 
  m_EditorClassIdentifier: 
  door: {fileID: 2145939654}
  isClosed: 1
--- !u!4 &7426963505868637001
Transform:
  m_ObjectHideFlags: 0
  m_CorrespondingSourceObject: {fileID: 0}
  m_PrefabInstance: {fileID: 0}
  m_PrefabAsset: {fileID: 0}
  m_GameObject: {fileID: 7807569782913849843}
  m_LocalRotation: {x: 0, y: -0, z: -0, w: 1}
  m_LocalPosition: {x: 3.5656724, y: 0.5845556, z: -0.3626021}
  m_LocalScale: {x: 0.5486805, y: 1.3717011, z: 1.3717011}
  m_Children:
  - {fileID: 8025955254130061841}
  m_Father: {fileID: 0}
  m_RootOrder: 1
  m_LocalEulerAnglesHint: {x: 0, y: 0, z: 0}
--- !u!1 &7807569782913849843
GameObject:
  m_ObjectHideFlags: 0
  m_CorrespondingSourceObject: {fileID: 0}
  m_PrefabInstance: {fileID: 0}
  m_PrefabAsset: {fileID: 0}
  serializedVersion: 6
  m_Component:
  - component: {fileID: 7426963505868637001}
  - component: {fileID: 6961270383494980772}
  - component: {fileID: 6961270383494980774}
  - component: {fileID: 6961270383494980775}
  - component: {fileID: 6961270383494980793}
  m_Layer: 0
  m_Name: Door (1)
  m_TagString: Door
  m_Icon: {fileID: 0}
  m_NavMeshLayer: 0
  m_StaticEditorFlags: 0
  m_IsActive: 1
--- !u!4 &8025955254130061841
Transform:
  m_ObjectHideFlags: 0
  m_CorrespondingSourceObject: {fileID: 0}
  m_PrefabInstance: {fileID: 0}
  m_PrefabAsset: {fileID: 0}
  m_GameObject: {fileID: 1285712520241488170}
  m_LocalRotation: {x: 0, y: -0, z: -0, w: 1}
  m_LocalPosition: {x: -0, y: 0, z: 0}
  m_LocalScale: {x: 1, y: 1, z: 1}
  m_Children: []
  m_Father: {fileID: 7426963505868637001}
  m_RootOrder: 0
  m_LocalEulerAnglesHint: {x: 0, y: 0, z: 0}
--- !u!23 &8544312257731571663
MeshRenderer:
  m_ObjectHideFlags: 0
  m_CorrespondingSourceObject: {fileID: 0}
  m_PrefabInstance: {fileID: 0}
  m_PrefabAsset: {fileID: 0}
  m_GameObject: {fileID: 1285712520241488170}
  m_Enabled: 1
  m_CastShadows: 1
  m_ReceiveShadows: 1
  m_DynamicOccludee: 1
  m_MotionVectors: 1
  m_LightProbeUsage: 1
  m_ReflectionProbeUsage: 1
  m_RayTracingMode: 2
  m_RayTraceProcedural: 0
  m_RenderingLayerMask: 1
  m_RendererPriority: 0
  m_Materials:
  - {fileID: -8469494145858465668, guid: c94835dbe3319b541a9c4a2fd8376044, type: 3}
  m_StaticBatchInfo:
    firstSubMesh: 0
    subMeshCount: 0
  m_StaticBatchRoot: {fileID: 0}
  m_ProbeAnchor: {fileID: 0}
  m_LightProbeVolumeOverride: {fileID: 0}
  m_ScaleInLightmap: 1
  m_ReceiveGI: 1
  m_PreserveUVs: 0
  m_IgnoreNormalsForChartDetection: 0
  m_ImportantGI: 0
  m_StitchLightmapSeams: 1
  m_SelectedEditorRenderState: 3
  m_MinimumChartSize: 4
  m_AutoUVMaxDistance: 0.5
  m_AutoUVMaxAngle: 89
  m_LightmapParameters: {fileID: 0}
  m_SortingLayerID: 0
  m_SortingLayer: 0
  m_SortingOrder: 0
  m_AdditionalVertexStreams: {fileID: 0}
